<record><leader>00000cas a2200000 a 4500</leader><controlfield tag="001">37379410</controlfield><controlfield tag="008">970729d19581993caucr ne      0   a0eng c</controlfield><datafield ind1=" " ind2=" " tag="010"><subfield code="a">sn 97060433 </subfield></datafield><datafield ind1=" " ind2=" " tag="040"><subfield code="a">CNK</subfield><subfield code="b">eng</subfield><subfield code="c">CNK</subfield><subfield code="d">OCLCQ</subfield><subfield code="d">CNK</subfield><subfield code="d">OCLCQ</subfield><subfield code="d">CNK</subfield><subfield code="d">OCLCF</subfield><subfield code="d">OCLCO</subfield></datafield><datafield ind1="1" ind2=" " tag="029"><subfield code="a">AU@</subfield><subfield code="b">000013409120</subfield></datafield><datafield ind1=" " ind2=" " tag="042"><subfield code="a">pcc</subfield></datafield><datafield ind1=" " ind2=" " tag="043"><subfield code="a">n-us-ca</subfield></datafield><datafield ind1="0" ind2="0" tag="245"><subfield code="a">Del Mar surfcomber.</subfield></datafield><datafield ind1="1" ind2="3" tag="246"><subfield code="a">Surfcomber</subfield></datafield><datafield ind1=" " ind2=" " tag="260"><subfield code="a">Del Mar, Cal. :</subfield><subfield code="b">D. Van Quackenbush</subfield></datafield><datafield ind1=" " ind2=" " tag="300"><subfield code="a">v.</subfield></datafield><datafield ind1=" " ind2=" " tag="310"><subfield code="a">Semiweekly,</subfield><subfield code="b">&lt;July 11, 1984&gt;-Jan. 21, 1993</subfield></datafield><datafield ind1=" " ind2=" " tag="321"><subfield code="a">Weekly,</subfield><subfield code="b">May 1-&lt;Aug. 7, 1958&gt;</subfield></datafield><datafield ind1="0" ind2=" " tag="362"><subfield code="a">Vol. 1, no. 1 (May 1, 1958)-v. 36, no. 3 (Jan. 21, 1993).</subfield></datafield><datafield ind1=" " ind2=" " tag="500"><subfield code="a">"Del Mar" appears in small type above left portion of "Surfcomber," and while semiweekly, the words "Midweek" and "Weekend" appear on the left-hand side of masthead on Wednesday and Friday issues respectively.</subfield></datafield><datafield ind1=" " ind2=" " tag="530"><subfield code="a">Master negatives are available for duplication from:</subfield><subfield code="b">California Newspaper Microfilm Archive;</subfield><subfield code="c">positive copies may be purchased by the reel; for further information consult the CNMA at:</subfield><subfield code="u">http://cbsr.ucr.edu</subfield></datafield><datafield ind1=" " ind2="0" tag="651"><subfield code="a">Del Mar (Calif.)</subfield><subfield code="v">Newspapers.</subfield></datafield><datafield ind1=" " ind2="7" tag="655"><subfield code="a">Newspapers.</subfield><subfield code="2">fast</subfield><subfield code="0">(OCoLC)fst01423814</subfield></datafield><datafield ind1=" " ind2="7" tag="651"><subfield code="a">California</subfield><subfield code="z">Del Mar.</subfield><subfield code="2">fast</subfield><subfield code="0">(OCoLC)fst01205561</subfield></datafield><datafield ind1=" " ind2=" " tag="752"><subfield code="a">United States</subfield><subfield code="b">California</subfield><subfield code="c">San Diego</subfield><subfield code="d">Del Mar.</subfield></datafield><datafield ind1="0" ind2=" " tag="775"><subfield code="t">Surfcomber (Del Mar, Calif. : Solana Beach ed.)</subfield><subfield code="w">(DLC)sn2005061307</subfield></datafield><datafield ind1="0" ind2="0" tag="785"><subfield code="t">Del Mar Rancho Santa Fe Solana Beach sun</subfield><subfield code="w">(DLC)sn2011271188</subfield></datafield></record>